<record><leader>00000cai a2200000 i 4500</leader><controlfield tag="001">871202824</controlfield><controlfield tag="006">m     o  d        </controlfield><controlfield tag="007">cr |||||||||||</controlfield><controlfield tag="008">140228d18571912vauuu n o     0    2eng c</controlfield><datafield ind1=" " ind2=" " tag="010"><subfield code="a">  2014238033</subfield></datafield><datafield ind1=" " ind2=" " tag="040"><subfield code="a">IUL</subfield><subfield code="b">eng</subfield><subfield code="e">rda</subfield><subfield code="c">IUL</subfield><subfield code="d">OCLCO</subfield><subfield code="d">IUL</subfield></datafield><datafield ind1=" " ind2=" " tag="042"><subfield code="a">pcc</subfield></datafield><datafield ind1=" " ind2="4" tag="050"><subfield code="a">AP2.H32</subfield></datafield><datafield ind1="0" ind2="0" tag="245"><subfield code="a">HarpWeek.</subfield></datafield><datafield ind1="3" ind2=" " tag="246"><subfield code="a">Harp week</subfield></datafield><datafield ind1="1" ind2=" " tag="246"><subfield code="a">HarpWeek :</subfield><subfield code="b">electronic access to Harper's Weekly: 1857-1912</subfield></datafield><datafield ind1=" " ind2="1" tag="264"><subfield code="a">Norfolk, Virginia :</subfield><subfield code="b">HarpWeek, LLC</subfield></datafield><datafield ind1=" " ind2=" " tag="336"><subfield code="a">text</subfield><subfield code="b">txt</subfield><subfield code="2">rdacontent</subfield></datafield><datafield ind1=" " ind2=" " tag="337"><subfield code="a">computer</subfield><subfield code="b">c</subfield><subfield code="2">rdamedia</subfield></datafield><datafield ind1=" " ind2=" " tag="338"><subfield code="a">online resource</subfield><subfield code="b">cr</subfield><subfield code="2">rdacarrier</subfield></datafield><datafield ind1="1" ind2=" " tag="362"><subfield code="a">Print began with Vol. 1, no. 1 (January 3, 1857); site access ceased with Vol. LVI, no. 2923 (December 28, 1912).</subfield></datafield><datafield ind1="0" ind2=" " tag="505"><subfield code="a">1857 - 1865: The Civil War Era -- 1866 - 1871: Reconstruction I -- 1872 - 1877: Reconstruction II -- 1878 - 1883: Gilded Age I -- 1884 - 1889: Gilded Age II -- 1890 - 1895: Gilded Age III -- 1896 - 1901: Gilded Age IV -- 1902 - 1907: Gilded Age V -- 1908 - 1912: Gilded Age VI.</subfield></datafield><datafield ind1=" " ind2=" " tag="520"><subfield code="a">This site provides electronic access to Harper's Weekly, the illustrated 19th century "Journal of Civilization," for a 56-year period: 1857-1912. Provides a searchable index to the content of Harper's weekly, beginning with 1857 issues, intended to provide scholarly access to historians of the 19th century. Provides access to the illustrations, cartoons, news, literature, editorials, and advertisements via controlled thesauri, as well as full-text search capability, and scanned images of each issue. In addition, issues can be browsed and the site contains finding aids. The index will be updated periodically to reflect new information.</subfield></datafield><datafield ind1=" " ind2=" " tag="588"><subfield code="a">Title from home page (publisher's Web site, viewed February 28, 2014).</subfield></datafield><datafield ind1=" " ind2="0" tag="651"><subfield code="a">United States</subfield><subfield code="x">History</subfield><subfield code="y">19th century</subfield><subfield code="v">Indexes.</subfield></datafield><datafield ind1=" " ind2="0" tag="651"><subfield code="a">United States</subfield><subfield code="x">Social life and customs</subfield><subfield code="y">19th century</subfield><subfield code="v">Indexes.</subfield></datafield><datafield ind1=" " ind2="0" tag="651"><subfield code="a">United States</subfield><subfield code="x">History</subfield><subfield code="v">Pictorial works</subfield><subfield code="v">Indexes.</subfield></datafield><datafield ind1="2" ind2=" " tag="710"><subfield code="a">HarpWeek, LLC,</subfield><subfield code="e">issuing body.</subfield></datafield><datafield ind1="0" ind2="8" tag="787"><subfield code="i">1857-1976 Microform version:</subfield><subfield code="t">Harper's weekly</subfield><subfield code="x">0360-2397</subfield><subfield code="w">(DLC)sn 94033758</subfield><subfield code="w">(OCoLC)5878568</subfield></datafield><datafield ind1="0" ind2="8" tag="787"><subfield code="i">1857-1976 Print version:</subfield><subfield code="t">Harper's weekly</subfield><subfield code="x">0360-2397</subfield><subfield code="w">(DLC)   12032976</subfield><subfield code="w">(OCoLC)2441043</subfield></datafield><datafield ind1="4" ind2="0" tag="856"><subfield code="u">http://app.harpweek.com</subfield></datafield><datafield ind1=" " ind2=" " tag="936"><subfield code="a">RECORD REPORTED FOR DELETION--USE #41654892</subfield></datafield></record>